<?xml version="1.0" encoding="UTF-8"?><collection xmlns="http://www.loc.gov/MARC21/slim"><record><leader>00323nam--2200121-i-4500</leader><controlfield tag="001">000045497</controlfield><controlfield tag="002">20161230</controlfield><controlfield tag="005">20161230201045</controlfield><controlfield tag="008">060222s1000------------r-----000-0-eng-d</controlfield><datafield ind1=" " ind2=" " tag="080"><subfield code="a">061.62(520):001.891:621.039</subfield></datafield><datafield ind1=" " ind2=" " tag="245"><subfield code="a">Trends of nuclear technologies and products in japan</subfield></datafield><datafield ind1=" " ind2=" " tag="260"><subfield code="a">Japan, Jema, 1989, 25p</subfield></datafield><datafield ind1=" " ind2=" " tag="852"><subfield code="a">78863</subfield></datafield></record></collection>